
@online{class,
author = {Dr. Jeff Leek and Dr. Roger Peng and Dr. Brian Caffo},
title = {Practical Machine Learning},
year = {2016},
url = {https://www.coursera.org/learn/practical-machine-learning/},
OPTsubtitle = {•},
OPTtitleaddon = {•},
OPTlanguage = {English},
OPTversion = {•},
OPTnote = {•},
OPTorganization = {John's Hopkins and Coursera},
OPTdate = {•},
OPTmonth = {Janurary},
OPTaddendum = {•},
OPTpubstate = {•},
OPTurldate = {•},
}
